% This file was created with JabRef 2.8.1.
% Encoding: Cp1252

@BOOK{bentley:1999,
  title = {{P}rogramming {P}earls},
  publisher = {Addison--Wesley},
  year = {1999},
  author = {Jon Bentley},
  address = {Boston, MA, USA},
  edition = {2nd}
}

@BOOK{bringhurst:2002,
  title = {{T}he {E}lements of {T}ypographic {S}tyle},
  publisher = {Hartley \& Marks Publishers},
  year = {2013},
  author = {Robert Bringhurst},
  series = {Version 4.0: 20th Anniversary Edition},
  address = {Point Roberts, WA, USA}
}

@BOOK{cormen:2001,
  title = {{I}ntroduction to {A}lgorithms},
  publisher = {The MIT Press},
  year = {2009},
  author = {Cormen, Thomas H. and Leiserson, Charles E. and Rivest, Ronald L.
	and Clifford Stein},
  address = {Cambridge, MA, USA},
  edition = {3rd}
}

@BOOK{dueck:trio,
  title = {{D}ueck's {T}rilogie: {O}mnisophie -- {S}upramanie -- {T}opothesie},
  publisher = {Springer, Berlin, Germany},
  year = {2005},
  author = {Gunter Dueck},
  note = {\url{http://www.omnisophie.com}}
}

@ARTICLE{knuth:1976,
  author = {Knuth, Donald E.},
  title = {{B}ig {O}micron and {B}ig {O}mega and {B}ig {T}heta},
  journal = {SIGACT News},
  year = {1976},
  volume = {8},
  pages = {18--24},
  number = {2},
  address = {New York, NY, USA},
  publisher = {ACM Press}
}

@ARTICLE{knuth:1974,
  author = {Knuth, Donald E.},
  title = {{C}omputer {P}rogramming as an {A}rt},
  journal = {Communications of the ACM},
  year = {1974},
  volume = {17},
  pages = {667--673},
  number = {12},
  address = {New York, NY, USA},
  publisher = {ACM Press}
}

@BOOK{sommerville:1992,
  title = {{S}oftware {E}ngineering},
  publisher = {Addison-Wesley},
  year = {2015},
  author = {Ian Sommerville},
  address = {Boston, MA, USA},
  edition = {10th}
}

@BOOK{taleb:2012,
  title = {{A}ntifragile: {T}hings {T}hat {G}ain from {D}isorder ({I}ncerto
	{B}ook 3)},
  publisher = {Random House},
  year = {2012},
  author = {Nassim Nicholas Taleb},
  address = {New York, NY, USA}
}

@inproceedings{reinhardt12tracebase,
	author = {Andreas Reinhardt and Paul Baumann and Daniel Burgstahler and Matthias Hollick and Hristo Chonov and Marc Werner and Ralf Steinmetz},
	title = {{On the Accuracy of Appliance Identification Based on Distributed Load Metering Data}},
	year = {2012},
	booktitle = {Proceedings of the 2nd IFIP Conference on Sustainable Internet and ICT for Sustainability (SustainIT)},
	pages = {1--9},
}

@inproceedings{englert13highresolution,
	author = {Frank Englert and Till Schmitt and Sebastian K\"o\ss{}ler and Andreas Reinhardt and Ralf Steinmetz},
	title = {{How to Auto-Configure Your Smart Home? High-Resolution Power Measurements to the Rescue}},
	year = {2013},
	booktitle = {Proceedings of the 4th International Conference on Future Energy Systems (ACM e-Energy)},
	pages = {215--224},
}

@inproceedings{reinhardt12distributed,
	author = {Andreas Reinhardt and Dominic Burkhardt and Manzil Zaheer and Ralf Steinmetz},
	title = {{Electric Appliance Classification Based on Distributed High Resolution Current Sensing}},
	year = {2012},
	pages = {1003--1009},
	booktitle = {Proceedings of the 7th IEEE International Workshop on Practical Issues in Building Sensor Network Applications (SenseApp)},
}

@inproceedings{reinhardt11smartmeterkom,
	author = {Andreas Reinhardt and Dominic Burkhardt and Parag S. Mogre and Manzil Zaheer and Ralf Steinmetz},
	title = {{SmartMeter.KOM: A Low-cost Wireless Sensor for Distributed Power Metering}},
	year = {2011},
	booktitle = {Proceedings of the 6th IEEE International Workshop on Practical Issues in Building Sensor Network Applications (SenseApp)},
	Pages = {1044--1051},
}

@book{superbuch2007, 
    author = {Ausgezeichneter Autor AND Kreativer Koautor AND Patenter Professor AND Durchgedrehter Dozent}, 
    title = {Blaukraut bleibt Blaukraut und Brautkleid bleibt Brautkleid}, 
    publisher = {Papierflieger Verlag}, 
    year = {2007}, 
    hyphenation = {ngerman}, 
  } 